% This file was created with JabRef 2.9.2.
% Encoding: UTF8

@INCOLLECTION{ChenLLZL2014,
  author = {Chen, Hongmei and Li, Tianrui and Luo, Chuan and Zhang, Junbo and
	Li, Xinjiang},
  title = {Function Set-Valued Information Systems},
  booktitle = {Knowledge Engineering and Management},
  publisher = {Springer},
  year = {2014},
  pages = {1--9}
}

@INPROCEEDINGS{ChenLZ2010,
  author = {Chen, Hongmei and Li, Tianrui and Zhang, Junbo},
  title = {A Method for incremental updating approximations when objects and
	attributes vary with time},
  booktitle = {Granular Computing (GrC), 2010 IEEE International Conference on},
  year = {2010},
  pages = {90--95},
  organization = {IEEE}
}

@INPROCEEDINGS{ChenLZ2010a,
  author = {Chen, Hongmei and Li, Tianrui and Zhang, Junbo},
  title = {A Method for Incremental Updating Approximations Based on Variable
	Precision Set-Valued Ordered Information Systems},
  booktitle = {Granular Computing (GrC), 2010 IEEE International Conference on},
  year = {2010},
  pages = {96--101},
  organization = {IEEE}
}

@INCOLLECTION{ChenLZLL2014,
  author = {Chen, Hongmei and Li, Tianrui and Zhang, Junbo and Luo, Chuan and
	Li, Xinjiang},
  title = {Probabilistic Composite Rough Set and Attribute Reduction},
  booktitle = {Knowledge Engineering and Management},
  publisher = {Springer},
  year = {2014},
  pages = {189--197}
}

@INCOLLECTION{GaoLZZW2012,
  author = {Gao, Zizhe and Li, Tianrui and Zhang, Junbo and Zhao, Chengbing and
	Wang, Zhonggang},
  title = {A Parallel Method for Unpacking Original High Speed Rail Data Based
	on MapReduce},
  booktitle = {Practical Applications of Intelligent Systems},
  publisher = {Springer Berlin Heidelberg},
  year = {2012},
  pages = {59--68}
}

@ARTICLE{LiLZ,
  author = {Li, Shaoyong and Li, Tianrui and Zhang, Junbo},
  title = {Approaches for dynamically updating set approximations in dominance
	based rough sets while condition attributes value coarsening and
	refining}
}

@ARTICLE{LiLZa,
  author = {Li, Shaoyong and Li, Tianrui and Zhang, Junbo},
  title = {Updating Approximations Dynamically in Dominance-based Rough Sets}
}

@ARTICLE{LiuLRZ2011JoGO,
  author = {Liu, Dun and Li, Tianrui and Ruan, Da and Zhang, Junbo},
  title = {Incremental learning optimization on knowledge discovery in dynamic
	business intelligent systems},
  journal = {Journal of Global Optimization},
  year = {2011},
  volume = {51},
  pages = {325--344},
  number = {2},
  publisher = {Springer US}
}

@ARTICLE{LiuLZ2010P,
  author = {Liu, Dun and Li, TR and Zhang, JB},
  title = {An incremental approach for rule induction under coarsening and refining
	of attribute values in e-business Systems},
  journal = {Proc},
  year = {2010},
  pages = {541--547}
}

@ARTICLE{LiuZL2010Po2ICoFaAoCI,
  author = {Liu, D and Zhang, JUNBO and Li, TR},
  title = {A probabilistic rough set approach for incremental learning knowledge
	on the change of attribute},
  journal = {Proceedings of 2010 International Conference on Foundations and Applications
	of Computational Intelligence},
  year = {2010},
  pages = {722--727}
}

@ARTICLE{PanZ2012JoCV,
  author = {Pan, Yi and Zhang, Junbo},
  title = {Parallel Programming on Cloud Computing Platforms},
  journal = {Journal of Convergence Volume},
  year = {2012},
  volume = {3},
  pages = {23--28},
  number = {4}
}

@ARTICLE{WangLZZG2011JoCIoC,
  author = {Wang, Zhong-Gang and Li, Tian-Rui and Zhang, Jun-Bo and Zhao, Cheng-Bing
	and Gao, Zi-Zhe},
  title = {Parallel method for preprocessing high-speed railway noise data based
	on MapReduce},
  journal = {Journal of China Institute of Communications},
  year = {2011},
  volume = {32},
  number = {9},
  publisher = {China International Book Trading Corporation, P. O. Box 399 Beijing
	100044 China}
}

@ARTICLE{ZengLZL2012RSaCTiC,
  author = {Zeng, Anping and Li, Tianrui and Zhang, Junbo and Liu, Dun},
  title = {An Incremental Approach for Updating Approximations of Rough Fuzzy
	Sets under the Variation of the Object Set},
  journal = {Rough Sets and Current Trends in Computing},
  year = {2012},
  pages = {36--45},
  publisher = {Springer}
}

@ARTICLE{ZhangLC2013IS,
  author = {Zhang, Junbo and Li, Tianrui and Chen, Hongmei},
  title = {Composite rough sets for dynamic data mining},
  journal = {Information Sciences},
  year = {2013},
  publisher = {Elsevier}
}

@INCOLLECTION{ZhangLC2012,
  author = {Zhang, Junbo and Li, Tianrui and Chen, Hongmei},
  title = {Composite rough sets},
  booktitle = {Artificial Intelligence and Computational Intelligence},
  publisher = {Springer Berlin Heidelberg},
  year = {2012},
  pages = {150--159}
}

@INPROCEEDINGS{ZhangLL2010,
  author = {Zhang, Junbo and Li, Tianrui and Liu, Dun},
  title = {An approach for incremental updating approximations in Variable precision
	rough sets while attribute generalized},
  booktitle = {Intelligent Systems and Knowledge Engineering (ISKE), 2010 International
	Conference on},
  year = {2010},
  pages = {77--81},
  organization = {IEEE}
}

@INPROCEEDINGS{ZhangLP2012,
  author = {Zhang, Junbo and Li, Tianrui and Pan, Yi},
  title = {Parallel rough set based knowledge acquisition using MapReduce from
	big data},
  booktitle = {Proceedings of the 1st International Workshop on Big Data, Streams
	and Heterogeneous Source Mining: Algorithms, Systems, Programming
	Models and Applications},
  year = {2012},
  pages = {20--27},
  organization = {ACM}
}

@ARTICLE{ZhangLR2012ASDaT,
  author = {Zhang, Junbo and Li, Tianrui and Ruan, Da},
  title = {Rough Sets Based Incremental Rule Acquisition in Set-Valued Information
	Systems},
  journal = {Autonomous Systems: Developments and Trends},
  year = {2012},
  pages = {135--146},
  publisher = {Springer}
}

@ARTICLE{ZhangLRGZ2012IS,
  author = {Zhang, Junbo and Li, Tianrui and Ruan, Da and Gao, Zizhe and Zhao,
	Chengbing},
  title = {A parallel method for computing rough set approximations},
  journal = {Information Sciences},
  year = {2012},
  publisher = {Elsevier}
}

@ARTICLE{ZhangLRL2012IJoAR,
  author = {Zhang, Junbo and Li, Tianrui and Ruan, Da and Liu, Dun},
  title = {Rough sets based matrix approaches with dynamic attribute variation
	in set-valued information systems},
  journal = {International Journal of Approximate Reasoning},
  year = {2012},
  volume = {53},
  pages = {620--635},
  number = {4},
  publisher = {Elsevier}
}

@ARTICLE{ZhangLRL2012IJoIS,
  author = {Zhang, Junbo and Li, Tianrui and Ruan, Da and Liu, Dun},
  title = {Neighborhood rough sets for dynamic data mining},
  journal = {International Journal of Intelligent Systems},
  year = {2012},
  volume = {27},
  pages = {317--342},
  number = {4},
  publisher = {Wiley Online Library}
}

@INPROCEEDINGS{ZhangLW2010,
  author = {Zhang, Junbo and Li, Tianrui and Wang, Lei},
  title = {A new method for calculation of the approximations under the probabilistic
	rough sets},
  booktitle = {Intelligent Systems and Knowledge Engineering (ISKE), 2010 International
	Conference on},
  year = {2010},
  pages = {73--76},
  organization = {IEEE}
}

@INCOLLECTION{ZhangLYW2011,
  author = {Zhang, Junbo and Li, Tianrui and Yang, Yan and Wang, Lei},
  title = {Neighborhood rough sets based matrix approach for calculation of
	the approximations},
  booktitle = {Rough Sets and Knowledge Technology},
  publisher = {Springer Berlin Heidelberg},
  year = {2011},
  pages = {166--171}
}

@ARTICLE{ZhangWLP2013IJoAR,
  author = {Zhang, Junbo and Wong, Jian-Syuan and Li, Tianrui and Pan, Yi},
  title = {A comparison of parallel large-scale knowledge acquisition using
	rough set theory on different MapReduce runtime systems},
  journal = {International Journal of Approximate Reasoning},
  year = {2013}
}

@INPROCEEDINGS{ZhangWPL2013,
  author = {Zhang, Junbo and Wong, Jian-Syuan and Pan, Yi and Li, Tianrui},
  title = {H2T: A Simple Hadoop-to-Twister Translator for Cloud Computing},
  booktitle = {Biometrics and Security Technologies (ISBAST), 2013 International
	Symposium on},
  year = {2013},
  pages = {180--186},
  organization = {IEEE}
}

@ARTICLE{ZhangXLP2013TSaT,
  author = {Zhang, Junbo and Xiang, Dong and Li, Tianrui and Pan, Yi},
  title = {M2M: A Simple Matlab-to-MapReduce Translator for Cloud Computing},
  journal = {Tsinghua Science and Technology},
  year = {2013},
  volume = {18},
  pages = {1--9},
  number = {1}
}

@ARTICLE{王仲刚；李2011通,
  author = {王仲刚；李天瑞；张钧波；赵成兵；髙子喆},
  title = {基于MapReduce的高铁噪声数据预处理算法研究},
  journal = {通信学报},
  year = {2011},
  pages = {263--269}
}

