@inproceedings{Zhang:2014:SDL:2623330.2623618,
 author = {Zhang, Junbo and Tian, Guangjian and Mu, Yadong and Fan, Wei},
 title = {Supervised Deep Learning with Auxiliary Networks},
 booktitle = {Proceedings of the 20th ACM SIGKDD International Conference on Knowledge Discovery and Data Mining},
 series = {KDD '14},
 year = {2014},
 isbn = {978-1-4503-2956-9},
 location = {New York, New York, USA},
 pages = {353--361},
 numpages = {9},
 url = {http://doi.acm.org/10.1145/2623330.2623618},
 doi = {10.1145/2623330.2623618},
 acmid = {2623618},
 publisher = {ACM},
 address = {New York, NY, USA},
 keywords = {autoencoder, deep neural networks, supervision},
}