@inproceedings{Zhang:2016:DPM:2996913.2997016,
 author = {Zhang, Junbo and Zheng, Yu and Qi, Dekang and Li, Ruiyuan and Yi, Xiuwen},
 title = {DNN-based Prediction Model for Spatio-temporal Data},
 booktitle = {Proceedings of the 24th ACM SIGSPATIAL International Conference on Advances in Geographic Information Systems},
 series = {SIGSPACIAL '16},
 year = {2016},
 isbn = {978-1-4503-4589-7},
 location = {Burlingame, California},
 pages = {92:1--92:4},
 articleno = {92},
 numpages = {4},
 url = {http://doi.acm.org/10.1145/2996913.2997016},
 doi = {10.1145/2996913.2997016},
 acmid = {2997016},
 publisher = {ACM},
 address = {New York, NY, USA},
 keywords = {deep learning, prediction, spatio-temporal data},
}