@article{ZHANG2016287,
title = "Efficient parallel boolean matrix based algorithms for computing composite rough set approximations",
journal = "Information Sciences",
volume = "329",
pages = "287 - 302",
year = "2016",
note = "Special issue on Discovery Science",
issn = "0020-0255",
doi = "https://doi.org/10.1016/j.ins.2015.09.022",
url = "http://www.sciencedirect.com/science/article/pii/S0020025515006763",
author = "Junbo Zhang and Yun Zhu and Yi Pan and Tianrui Li",
keywords = "Composite rough sets, Boolean matrix, CUDA, Multi-GPU"
}