@inproceedings{DBLP:conf/aaai/ZhangZQ17,
  author    = {Junbo Zhang and
               Yu Zheng and
               Dekang Qi},
  title     = {Deep Spatio-Temporal Residual Networks for Citywide Crowd Flows Prediction},
  booktitle = {Proceedings of the Thirty-First {AAAI} Conference on Artificial Intelligence,
               February 4-9, 2017, San Francisco, California, {USA.}},
  pages     = {1655--1661},
  year      = {2017},
  crossref  = {DBLP:conf/aaai/2017},
  url       = {http://aaai.org/ocs/index.php/AAAI/AAAI17/paper/view/14501},
  timestamp = {Thu, 03 May 2018 12:08:22 +0200},
  biburl    = {https://dblp.org/rec/bib/conf/aaai/ZhangZQ17},
  bibsource = {dblp computer science bibliography, https://dblp.org}
}

@proceedings{DBLP:conf/aaai/2017,
  editor    = {Satinder P. Singh and
               Shaul Markovitch},
  title     = {Proceedings of the Thirty-First {AAAI} Conference on Artificial Intelligence,
               February 4-9, 2017, San Francisco, California, {USA}},
  publisher = {{AAAI} Press},
  year      = {2017},
  url       = {http://www.aaai.org/Library/AAAI/aaai17contents.php},
  timestamp = {Mon, 06 Mar 2017 08:17:31 +0100},
  biburl    = {https://dblp.org/rec/bib/conf/aaai/2017},
  bibsource = {dblp computer science bibliography, https://dblp.org}
}

