@inproceedings{Yi:2018:DDF:3219819.3219822,
 author = {Yi, Xiuwen and Zhang, Junbo and Wang, Zhaoyuan and Li, Tianrui and Zheng, Yu},
 title = {Deep Distributed Fusion Network for Air Quality Prediction},
 booktitle = {Proceedings of the 24th ACM SIGKDD International Conference on Knowledge Discovery \&\#38; Data Mining},
 series = {KDD '18},
 year = {2018},
 isbn = {978-1-4503-5552-0},
 location = {London, United Kingdom},
 pages = {965--973},
 numpages = {9},
 url = {http://doi.acm.org/10.1145/3219819.3219822},
 doi = {10.1145/3219819.3219822},
 acmid = {3219822},
 publisher = {ACM},
 address = {New York, NY, USA},
 keywords = {air quality prediction, deep learning, urban computing},
}