@inproceedings{ijcai2018-476,
  title     = {GeoMAN: Multi-level Attention Networks for Geo-sensory Time Series Prediction},
  author    = {Yuxuan Liang and Songyu Ke and Junbo Zhang and Xiuwen Yi and Yu Zheng},
  booktitle = {Proceedings of the Twenty-Seventh International Joint Conference on
               Artificial Intelligence, {IJCAI-18}},
  publisher = {International Joint Conferences on Artificial Intelligence Organization},
  pages     = {3428--3434},
  year      = {2018},
  month     = {7},
  doi       = {10.24963/ijcai.2018/476},
  url       = {https://doi.org/10.24963/ijcai.2018/476},
}