@inproceedings{Huang:2018:DAH:3269206.3271793,
 author = {Huang, Chao and Zhang, Junbo and Zheng, Yu and Chawla, Nitesh V.},
 title = {DeepCrime: Attentive Hierarchical Recurrent Networks for Crime Prediction},
 booktitle = {Proceedings of the 27th ACM International Conference on Information and Knowledge Management},
 series = {CIKM '18},
 year = {2018},
 isbn = {978-1-4503-6014-2},
 location = {Torino, Italy},
 pages = {1423--1432},
 numpages = {10},
 url = {http://doi.acm.org/10.1145/3269206.3271793},
 doi = {10.1145/3269206.3271793},
 acmid = {3271793},
 publisher = {ACM},
 address = {New York, NY, USA},
 keywords = {attention model, crime prediction, deep learning, spatio-temporal data mining, urban computing},
}