@article{DBLP:journals/ai/Zhang0QLYL18,
  author    = {Junbo Zhang and
               Yu Zheng and
               Dekang Qi and
               Ruiyuan Li and
               Xiuwen Yi and
               Tianrui Li},
  title     = {Predicting citywide crowd flows using deep spatio-temporal residual
               networks},
  journal   = {Artif. Intell.},
  volume    = {259},
  pages     = {147--166},
  year      = {2018},
  url       = {https://doi.org/10.1016/j.artint.2018.03.002},
  doi       = {10.1016/j.artint.2018.03.002},
  timestamp = {Thu, 03 May 2018 15:15:06 +0200},
  biburl    = {https://dblp.org/rec/bib/journals/ai/Zhang0QLYL18},
  bibsource = {dblp computer science bibliography, https://dblp.org}
}

