@article {INT:INT21523,
author = {Zhang, Junbo and Li, Tianrui and Ruan, Da and Liu, Dun},
title = {Neighborhood rough sets for dynamic data mining},
journal = {International Journal of Intelligent Systems},
volume = {27},
number = {4},
publisher = {Wiley Subscription Services, Inc., A Wiley Company},
issn = {1098-111X},
url = {http://dx.doi.org/10.1002/int.21523},
doi = {10.1002/int.21523},
pages = {317--342},
year = {2012},
}
