@ARTICLE{Zhang2014TKDE,
author={Zhang, J. and Wong, J. and Pan, Y. and Li, T.},
journal={Knowledge and Data Engineering, IEEE Transactions on},
title={A parallel matrix-based method for computing approximations in incomplete information systems},
year={2014},
month={},
volume={PP},
number={99},
pages={1-1},
doi={10.1109/TKDE.2014.2330821},
ISSN={1041-4347},}
