@article{Zhang2014896,
title = "A comparison of parallel large-scale knowledge acquisition using rough set theory on different MapReduce runtime systems ",
journal = "International Journal of Approximate Reasoning ",
volume = "55",
number = "3",
pages = "896 - 907",
year = "2014",
note = "",
issn = "0888-613X",
doi = "http://dx.doi.org/10.1016/j.ijar.2013.08.003",
url = "http://www.sciencedirect.com/science/article/pii/S0888613X13001771",
author = "Junbo Zhang and Jian-Syuan Wong and Tianrui Li and Yi Pan",
keywords = "Rough sets",
keywords = "Knowledge acquisition",
keywords = "MapReduce",
keywords = "Large-scale "
}

