@ARTICLE{M2M,
author={Zhang, Junbo and Xiang, Dong and Li, Tianrui and Pan, Yi},
journal={Tsinghua Science and Technology},
title={M2M: A simple Matlab-to-MapReduce translator for cloud computing},
year={2013},
month={Feb},
volume={18},
number={1},
pages={1-9},
keywords={Cloud computing;Computational modeling;MATLAB;Mathematical model;Programming;MapReduce;Matlab;cloud computing;translator},
doi={10.1109/TST.2013.6449402},}
