@article{Zhang2012209,
title = "A parallel method for computing rough set approximations ",
journal = "Information Sciences ",
volume = "194",
number = "0",
pages = "209 - 223",
year = "2012",
note = "Intelligent Knowledge-Based Models and Methodologies for Complex Information Systems ",
issn = "0020-0255",
doi = "http://dx.doi.org/10.1016/j.ins.2011.12.036",
url = "http://www.sciencedirect.com/science/article/pii/S0020025512000163",
author = "Junbo Zhang and Tianrui Li and Da Ruan and Zizhe Gao and Chengbing Zhao",
keywords = "Rough sets",
keywords = "Data mining",
keywords = "Approximations",
keywords = "Hadoop",
keywords = "MapReduce "
}

