@article{Zhang201481,
title = "Composite rough sets for dynamic data mining ",
journal = "Information Sciences ",
volume = "257",
number = "0",
pages = "81 - 100",
year = "2014",
note = "",
issn = "0020-0255",
doi = "http://dx.doi.org/10.1016/j.ins.2013.08.016",
url = "http://www.sciencedirect.com/science/article/pii/S0020025513005768",
author = "Junbo Zhang and Tianrui Li and Hongmei Chen",
keywords = "Rough sets",
keywords = "Data mining",
keywords = "Incremental learning",
keywords = "Matrix",
keywords = "Composite information systems "
}

