@article{Zhang2012620,
title = "Rough sets based matrix approaches with dynamic attribute variation in set-valued information systems ",
journal = "International Journal of Approximate Reasoning ",
volume = "53",
number = "4",
pages = "620 - 635",
year = "2012",
note = "",
issn = "0888-613X",
doi = "http://dx.doi.org/10.1016/j.ijar.2012.01.001",
url = "http://www.sciencedirect.com/science/article/pii/S0888613X12000023",
author = "Junbo Zhang and Tianrui Li and Da Ruan and Dun Liu",
keywords = "Rough sets",
keywords = "Knowledge discovery",
keywords = "Matrix",
keywords = "Set-valued information systems "
}

