@incollection{
year={2014},
isbn={978-3-642-54929-8},
booktitle={Knowledge Engineering and Management},
volume={278},
series={Advances in Intelligent Systems and Computing},
editor={Wen, Zhenkun and Li, Tianrui},
doi={10.1007/978-3-642-54930-4_1},
title={Parallel Approaches to Neighborhood Rough Sets: Classification and Feature Selection},
url={http://dx.doi.org/10.1007/978-3-642-54930-4_1},
publisher={Springer Berlin Heidelberg},
author={Zhang, Junbo and Wang, Chizheng and Pan, Yi and Li, Tianrui},
pages={1-10},
language={English}
}
